4500 6264
298 582 628 662 §91:421ng
660 618 698 651 22
726 626 806 663 ἐκ
830 624 898 663 <-
916 628 1208 673 :mcxxxi-,1:111
1227 634 1310 685 3323
1327 646 1379 681 ἅς
1407 670 1444 683 „-

162 748 170 779 t

285 779 1353 988 OPUSCULUM
1429 828 1525 996 ΙΙ

433 1088 779 1184 COLLATIO
821 1107 1224 1196 PARABOLAE
1269 1119 1416 1208 CUM

759 1252 1213 1342 HYPERBOLA.

579 1622 592 1713 'j.
611 1609 920 1731 Uamplurimas
963 1611 1159 1700 veritates
1200 1626 1470 1732 geometricas
1492 1627 1554 1716 'ex

629 1754 770 1820 mutua
800 1727 1003 1818 linearum
1034 1733 1269 1850 redarum,
1311 1743 1394 1830 five
1426 1747 1551 1837 recla-

548 1852 586 1899 ‘l
627 1875 718 1936 rum
750 1847 895 1959 fimul,
923 1854 963 1936 8<
992 1878 1210 1938 curvarum
1243 1856 1466 1948 collatione
1491 1892 1552 1946 re·

545 1996 552 2005 ”
573 1986 582 2073 3
610 2010 611 2014 Ν
622 1995 752 2086 pertas
784 1969 885 2074 elle,
918 1997 1040 2054 nemo
1070 1967 1125 2053 est
1148 1972 1220 2086 qui
1243 1973 1425 2086 ignoret.
1454 1985 1553 2067 Pro·

299 2062 458 2152 (a
521 2182 524 2185 ,
579 2080 582 2119 ¹
622 2091 814 2205 prietates
847 2089 960 2173 enirn
992 2083 1250 2180 fere'omnes
1289 2094 1340 2179 ad
1382 2097 1552 2212 reddas,

627 2207 856 2318 polygona‚
883 2207 1135 2294 &circulum
1155 2213 1430 2326 pertinentes,
1446 2247 1552 2334 quae

285 2325 327 2407 in
360 2325 568 2418 Euclideis
598 2323 865 2412 inveniuntur
894 2324 1152 2434 Elementis,
1184 2355 1234 2412 ex
1266 2335 1381 2420 varia
1426 2336 1551 2424 rella-

283 2471 406 2551 rum,
436 2449 502 2534 seu
534 2441 675 2535 circuli
704 2475 796 2530 cuna
828 2442 947 2529 lineis
978 2445 1095 2538 redlis
1117 2445 1421 2536 combinatione
1445 2475 1552 2538 ortas

284 2561 385 2672 effe,
418 2563 509 2650 satis
540 2564 697 2683 liquet.
726 2567 788 2645 At
819 2589 920 2647 vero
950 2563 976 2644 sr
1009 2591 1154 2648 curvae
1185 2593 1276 2650 curn
1300 2561 1441 2651 iisdem
1467 2598 1551 2653 cur·

284 2679 371 2794 vis,
404 2681 468 2767 seu
491 2713 584 2767 curn
609 2679 765 2787 curvis,
790 2683 828 2763 8(
854 2679 973 2762 tediis
996 2678 1420 2795 simul-conserantur,
1442 2687 1552 2800 quod

283 2827 364 2886 non
397 2801 620 2890 admodum
650 2802 692 2886 in
724 2826 839 2887 more
872 2795 926 2880 est
960 2793 1125 2912 (modo
1151 2797 1461 2887 construdliones
1494 2803 1515 2888 s
1538 2855 1551 2873 -

281 2922 485 3030 periurum
517 2901 812 3038 aequationum
846 2911 1175 3032 excipiantur),
1204 2915 1378 3028 plutima
1404 2919 1550 3038 absque

283 3035 407 3124 dubio
468 3041 718 3146 retentent,
761 3061 866 3151 quae
910 3029 1171 3120 Geometriae
1204 3029 1358 3126 limites
1399 3067 1551 3150 magno

283 3067 513 3239 Matheldot
544 3154 824 3242 emolumento
847 3153 967 3240 valde
994 3147 1263 3267 protendent.
1296 3157 1387 3240 Hac
1411 3157 1550 3274 itaque

279 3268 328 3352 de
361 3271 488 3358 cauffa
525 3304 608 3361 non
656 3269 799 3358 inutile
845 3273 952 3358 mihi
984 3271 1125 3358 visum
1154 3269 1209 3355 est
1249 3269 1440 3386 quasdam
1483 3303 1551 3358 ve-

282 3386 464 3498 ritate-s,
507 3423 605 3513 quas
648 3422 700 3476 ex
745 3389 897 3502 duplici
940 3387 1184 3494 Parabolae,
1213 3391 1252 3473 8(
1283 3389 1550 3504 Hyperbolae

282 3509 589 3596 combinatione
621 3507 818 3618 excerpit,
848 3503 985 3616 palam
1017 3502 1170 3587 facere.
1200 3509 1412 3619 Quoniam
1454 3537 1550 3593 vero

286 3621 438 3706 nedum
470 3627 619 3740 duplici
650 3621 841 3727 ratione,
871 3615 935 3704 led
967 3619 1190 3700 innumeris
1222 3621 1351 3704 modis
1380 3625 1551 3708 Parabo-

283 3735 325 3822 la
356 3767 449 3824 cum
482 3742 724 3856 Hyperbola
755 3731 932 3823 conferri
958 3731 1112 3848 potest,
1142 3727 1327 3820 infinitae
1352 3761 1451 3848 pene
1468 3767 1553 3854 pro.

280 3859 470 3972 prietates
503 3887 554 3942 ex
581 3855 668 3946 sola
701 3849 993 3970 praedidarum
1026 3876 1238 3944 curvarum
1286 3861 1550 3970 comparatio.

287 4002 339 4058 ne
366 3977 607 4088 emergent.
631 3978 800 4090 'Cuique
830 3973 956 4082 igitur
986 3969 1381 4056 Mathematicarum
1413 4001 1549 4060 rerum

286 4093 525 4204 Indagatori
557 4097 657 4180 haec
690 4090 933 4177 sublimioris
964 4087 1229 4198 Geometriae
1260 4086 1431 4210 jucunda
1464 4123 1551 4209 pars

288 4203 515 4322 objicitur,·
534 4217 574 4298 in
605 4244 685 4330 qua
717 4208 894 4330 profedlo
925 4203 1275 4320 ingeniumluum
1295 4233 1553 4318 magnacum

282 4325 400 4414 laude
433 4335 661 4420 exercebit.
