4500 6264
644 663 736 728 tum
784 653 960 729 naturae
1009 623 1163 752 debent
1219 621 1409 760 animum
1445 619 1514 742 'acl
1568 622 1907 752 nufiritardiam

642 845 944 983 proclivem,
996 843 1095 978 fieri
1139 875 1402 976 nequaquam
1453 831 1642 982 potest,
1683 875 1734 946 ut
1774 848 1915 950 tantis

648 1060 854 1164 bellarum
876 1061 1085 1197 flullibus
1117 1063 1289 1191 agitata
1334 1061 1576 1196 Republica
1621 1097 1715 1167 non·
1744 1063 1925 1196 ingemi·

643 1279 743 1412 scas
777 1315 794 1407 3
834 1281 1091 1417 praesertim
1124 1315 1219 1378 rum
1254 1281 1306 1380 de
1342 1275 1595 1414 liemare,
1642 1279 1698 1379 ὠ*
1732 1277 1927 1416 Religio·
2003 1337 2006 1346 .

655 1535 704 1598 ne
759 1526 966 1633 agatur,
1024 1532 1209 1630 quatum
1254 1499 1299 1595 in
1347 1496 1535 1598 humana
1579 1499 1683 1598 vita
1741 1498 1933 1596 maxime

656 1718 734 1813 vis
769 1711 828 1848 est
863 1775 875 1796 ·
917 1679 1003 1815 ¹Sed
1047 1713 1231 1816 dolore-m
1276 1715 1451 1846 quidem
1498 1711 1673 1814 cuilibet
1717 1713 1763 1812 in
1793 1743 1936 1848 pram·

655 1959 739 2068 ptu
782 1925 840 2063 est
887 1924 1109 2062 usttatis·,
1153 1923 1212 2024 &¹
1250 1961 1305 2027 ex
1349 1929 1505 2031 morali
1543 1927 1674 2034 Philo
1696 1927 1826 2064 aphia
1869 1927 1941 2026 elec

663 2145 800 2245 dullis
846 2145 1109 2279 argumentis
1145 2171 1400 2278 temperare:
1427 2145 1605 2280 saepius
1639 2143 1821 2277 repetita
1842 2142 1940 2282 fati

664 2361 712 2464 in
760 2356 883 2462 relus
927 2357 1126 2460 humanis
1167 2355 1374 2500 potestate
1411 2433 1424 2462 .
1469 2361 1566 2492 Ege
1620 2387 1816 2486 autem,
1864 2359 1969 2500 qui&

666 2613 731 2679 me
766 2569 885 2678 Tibi
914 2572 1152 2707 plurimum
1188 2573 1332 2672 debere
1362 2573 1593 2710 profiteor,
1631 2601 1733 2674 'cum
1768 2609 1835 2674 me
1869 2575 1947 2672 ade

668 2791 866 2927 junxeris
919 2788 965 2885 in
1022 2789 1238 2887 Comitum
1287 2796 1482 2892 Turnum
1530 2825 1804 2917 numerum,
1847 2789 1941 2926 qui·

673 3007 845 3142 luscum
879 3005 931 3106 ele
968 3007 1136 3104 arcanis
1171 3005 1429 3138 Mathesem
1476 3007 1522 3104 in
1564 3009 1699 3108 ltalia
1744 3005 1946 3138 colloque·
2015 3075 2017 3082 -

673 3245 763 3326 tert
799 3296 815 3350 ‚
850 3223 983 3324 aliam
1022 3221 1249 3322 ineundam
1284 3223 1399 3322 milei
1434 3213 1515 3356 effe
1555 3221 1761 3322 rationem
1794 3219 1952 3347 duxi,

668 3473 725 3542 nt
779 3443 888 3544 hunc
932 3392 1069 3540 aniini
1105 3437 1205 3540 Tui
1247 3437 1424 3568 sensum
1476 3407 1655 3538 lenirem
1695 3505 1714 3564 ,
1768 3467 1793 3535 a
1842 3435 1951 3561 Rei·

672 3651 861 3794 publicae
915 3651 972 3750 ad
1003 3649 1248 3788 studiorum
1307 3689 1452 3754 curam
1510 3651 1723 3790 egregiam
1771 3633 1952 3752 mentem

680 3866 833 3974 Tuam
887 3870 1101 3971 avocanda
1134 3939 1147 3972 .
1184 3865 1389 3973 ‘Habeas
1437 3875 1583 4006 itaque
1630 3871 1732 3972 baec
1771 3867 1953 4004 penitio-

680 4081 746 4186 ris
798 4090 1070 4186 Gtametriat
1129 4085 1394 4224 Opustnlt,
1440 4121 1550 4221 quat
1605 4080 1711 4190 Tua
1743 4083 1955 4208 Nemini,

683 4297 760 4409 Tr
804 4273 1031 4428 aunuente,
1075 4300 1308 4436 inscribo,
1351 4305 1524 4442 antiqui
1557 4299 1749 4435 obsequii
1781 4295 1957 4440 testes,

1833 4513 1891 4615 (θ’
